<?xml version="1.0" encoding="UTF-8"?><collection xmlns="http://www.loc.gov/MARC21/slim"><record><leader>00310nam--2200121-i-4500</leader><controlfield tag="001">000022110</controlfield><controlfield tag="002">20161230</controlfield><controlfield tag="005">20161230201034</controlfield><controlfield tag="008">060222s1000------------r-----000-0-eng-d</controlfield><datafield ind1=" " ind2=" " tag="245"><subfield code="a">Heavy water reactors. bibliography</subfield></datafield><datafield ind1=" " ind2=" " tag="260"><subfield code="a">Rehovoth, Israel Atomic Energy Commis., 1962, 320p</subfield></datafield><datafield ind1=" " ind2=" " tag="490"><subfield code="a">118</subfield></datafield><datafield ind1=" " ind2=" " tag="852"><subfield code="a">D.1019</subfield></datafield></record></collection>